<record><leader>00000cas a22000007a 4500</leader><controlfield tag="001">20270367</controlfield><controlfield tag="008">890828c19699999mouwr ne      0    0eng d</controlfield><datafield ind1=" " ind2=" " tag="010"><subfield code="a">sn 89066915 </subfield></datafield><datafield ind1=" " ind2=" " tag="040"><subfield code="a">MQN</subfield><subfield code="b">eng</subfield><subfield code="c">MQN</subfield><subfield code="d">OCLCQ</subfield></datafield><datafield ind1=" " ind2=" " tag="042"><subfield code="a">msc</subfield></datafield><datafield ind1="0" ind2=" " tag="130"><subfield code="a">Dixon pilot (Dixon, Mo. : 1969)</subfield></datafield><datafield ind1="1" ind2="4" tag="245"><subfield code="a">The Dixon pilot.</subfield></datafield><datafield ind1=" " ind2=" " tag="260"><subfield code="a">Dixon, Pulaski County, Mo. :</subfield><subfield code="b">Sowers Publications,</subfield><subfield code="c">1969-</subfield></datafield><datafield ind1=" " ind2=" " tag="300"><subfield code="a">v.</subfield></datafield><datafield ind1=" " ind2=" " tag="310"><subfield code="a">Weekly</subfield></datafield><datafield ind1="0" ind2=" " tag="362"><subfield code="a">59th year, no. 11 (Apr. 24, 1969)-</subfield></datafield><datafield ind1=" " ind2="4" tag="651"><subfield code="a">Dixon (Mo.)</subfield><subfield code="v">Newspapers.</subfield></datafield><datafield ind1=" " ind2=" " tag="752"><subfield code="a">United States</subfield><subfield code="b">Missouri</subfield><subfield code="c">Pulaski</subfield><subfield code="d">Dixon.</subfield></datafield><datafield ind1="0" ind2="0" tag="780"><subfield code="t">Pulaski County pilot-news</subfield><subfield code="w">(DLC)sn 89066914</subfield></datafield></record>